@article{BottNoveck2004,
author = {Bott, Lewis and Noveck, Ira},
year = {2004},
pages = {437-457},
title = {Some utterances are underinformative: The onset and time course of scalar inferences},
volume = {51},
journal = {Journal of Memory and Language}
}

@article{HuangSnedeker2009,
  title={Online interpretation of scalar quantifiers: Insight into the semantics--pragmatics interface},
  author={Huang, Yi Ting and Snedeker, Jesse},
  journal={Cognitive psychology},
  volume={58},
  number={3},
  pages={376--415},
  year={2009},
  publisher={Elsevier}
}

@article{Grodner2010,
author = {Grodner, Daniel and Klein, Natalie and Carbary, Kathleen and Tanenhaus, Michael},
year = {2010},
pages = {42-55},
title = {"Some," and possibly all, scalar inferences are not delayed: Evidence for immediate pragmatic enrichment},
volume = {116},
journal = {Cognition}
}

@article{Breheny2013,
author = {Richard   Breheny  and  Heather J.   Ferguson  and  Napoleon   Katsos },
title = {Investigating the timecourse of accessing conversational implicatures during incremental sentence interpretation},
journal = {Language and Cognitive Processes},
volume = {28},
number = {4},
pages = {443-467},
year  = {2013},
publisher = {Routledge}
}

@article{DegenTanenhaus2016,
  title={Availability of alternatives and the processing of scalar implicatures: A visual world eye-tracking study},
  author={Degen, Judith and Tanenhaus, Michael K},
  journal={Cognitive science},
  volume={40},
  number={1},
  pages={172--201},
  year={2016},
  publisher={Wiley Online Library}
}

@article{Zondervan2010,
author = {Zondervan, A.J.},
year = {2010},
pages = {},
title = {Scalar implicatures or focus: an experimental approach}
}

@article{Degen2015,
Author = {Judith Degen},
Title = {Investigating the distribution of \emph{some} (but not \emph{all}) implicatures using corpora and web-based methods},
Journal = {Semantics and Pragmatics},
Volume = {8},
Number = {11},
Pages = {1--55},
Year = {2015}}

@article{Augurzky2019,
author = {Augurzky, Petra and Franke, Michael and Ulrich, Rolf},
year = {2019},
pages = {},
title = {Gricean Expectations in Online Sentence Comprehension: An ERP Study on the Processing of Scalar Inferences},
volume = {43},
journal = {Cognitive Science}
}

@article{MartyChemla2013,
author = {Marty, Paul and Chemla, Emmanuel},
year = {2013},
pages = {403},
title = {Scalar implicatures: Working memory and a comparison with only},
volume = {4},
journal = {Frontiers in psychology}
}

@inproceedings{DegenGoodman2014,
  title={Lost your marbles? The puzzle of dependent measures in experimental pragmatics},
  author={Degen, Judith and Goodman, Noah},
  booktitle={Proceedings of the Annual Meeting of the Cognitive Science Society},
  volume={36},
  number={36},
  year={2014}
}

@article{DegenTanenhaus2015,
  title={Processing scalar implicature: A constraint-based approach},
  author={Degen, Judith and Tanenhaus, Michael K},
  journal={Cognitive science},
  volume={39},
  number={4},
  pages={667--710},
  year={2015},
  publisher={Wiley Online Library}
}

@book{Degen2013,
  title={Alternatives in pragmatic reasoning},
  author={Degen, Judith},
  year={2013},
  publisher={University of Rochester},
}

@article{BrehenyEtAl2006,
  title={Are generalised scalar implicatures generated by default? An on-line investigation into the role of context in generating pragmatic inferences},
  author={Breheny, Richard and Katsos, Napoleon and Williams, John},
  journal={Cognition},
  volume={100},
  number={3},
  pages={434--463},
  year={2006},
  publisher={Elsevier}
}

@article{HuangSnedeker2011,
  title={Cascading activation across levels of representation in children's lexical processing},
  author={Huang, Yi Ting and Snedeker, Jesse},
  journal={Journal of Child Language},
  volume={38},
  number={3},
  pages={644--661},
  year={2011},
  publisher={Cambridge University Press}
}

@article{DeNeysSchaeken2007,
  title={When people are more logical under cognitive load: Dual task impact on scalar implicature},
  author={De Neys, Wim and Schaeken, Walter},
  journal={Experimental psychology},
  volume={54},
  number={2},
  pages={128--133},
  year={2007},
  publisher={Hogrefe \& Huber Publishers}
}

@article{TomlinsonEtAl2012,
  title={Possibly all of that and then some: Scalar implicatures are understood in two steps},
  author={Tomlinson Jr, John M and Bailey, Todd M and Bott, Lewis},
  journal={Journal of memory and language},
  volume={69},
  number={1},
  pages={18--35},
  year={2013},
  publisher={Elsevier}
}

@article{Grice1975,
  title={Logic and conversation},
  author={Grice, Herbert P},
  journal={Syntax and Semantics},
  pages={41--58},
  year={1975}
}

@article{SunBreheny2019,
  title={Another look at the online processing of scalar inferences: an investigation of conflicting findings from visual-world eye-tracking studies},
  author={Sun, Chao and Breheny, Richard},
  journal={Language, Cognition and Neuroscience},
  pages={1--31},
  year={2019},
  publisher={Taylor \& Francis}
}

@article{Roberts2012,
  title={Information structure: Towards an integrated formal theory of pragmatics},
  author={Roberts, Craige},
  journal={Semantics and Pragmatics},
  volume={5},
  pages={6--1},
  year={2012}
}

@article{BonnefonEtAl2009,
  title={When some is actually all: Scalar inferences in face-threatening contexts},
  author={Bonnefon, Jean-Fran{\c{c}}ois and Feeney, Aidan and Villejoubert, Ga{\"e}lle},
  journal={Cognition},
  volume={112},
  number={2},
  pages={249--258},
  year={2009},
  publisher={Elsevier}
}

@article{NoveckPosada2003,
  title={Characterizing the time course of an implicature: An evoked potentials study},
  author={Noveck, Ira A and Posada, Andres},
  journal={Brain and language},
  volume={85},
  number={2},
  pages={203--210},
  year={2003},
  publisher={Elsevier}
}

@article{JasbiEtAl2019,
  title={Linking hypothesis and number of response options modulate inferred scalar implicature rate},
  author={Jasbi, Masoud and Waldon, Brandon and Degen, Judith},
  journal={Frontiers in psychology},
  volume={10},
  year={2019},
  publisher={Frontiers Media SA}
}

@article{Waldon2020,
  title={Modeling Behavior in Truth Value Judgment Task Experiments},
  author={Waldon, Brandon and Degen, Judith},
  journal={Proceedings of the Society for Computation in Linguistics},
  volume={3},
  number={1},
  pages={10--19},
  year={2020}
}
